<?xml version="1.0" encoding="UTF-8"?>
<record xmlns="http://www.loc.gov/MARC21/slim">
  <leader>01966nam a2200397 a 4500</leader>
  <controlfield tag="001">3225269</controlfield>
  <controlfield tag="007">he amb---bbcp</controlfield>
  <controlfield tag="007">he bmb---baap</controlfield>
  <controlfield tag="008">820204s1876    fr      b     000 0 fre d</controlfield>
  <datafield tag="016" ind1=" " ind2=" ">
    <subfield code="a"> 826071066</subfield>
  </datafield>
  <datafield tag="020" ind1=" " ind2=" ">
    <subfield code="a">0665099681 (v.1)</subfield>
  </datafield>
  <datafield tag="040" ind1=" " ind2=" ">
    <subfield code="a">CaOOCIHM</subfield>
    <subfield code="b">fre</subfield>
    <subfield code="d">AEU</subfield>
  </datafield>
  <datafield tag="043" ind1=" " ind2=" ">
    <subfield code="a">n-cn-qu</subfield>
  </datafield>
  <datafield tag="082" ind1="0" ind2=" ">
    <subfield code="a">271.9740714</subfield>
    <subfield code="2">19</subfield>
  </datafield>
  <datafield tag="090" ind1=" " ind2=" ">
    <subfield code="a">FC 02 0203 no. 09968</subfield>
    <subfield code="b">AEU</subfield>
  </datafield>
  <datafield tag="100" ind1="0" ind2=" ">
    <subfield code="a">Marie de l&apos;Incarnation,</subfield>
    <subfield code="c">mère,</subfield>
    <subfield code="d">1599-1672</subfield>
  </datafield>
  <datafield tag="245" ind1="1" ind2="0">
    <subfield code="a">Lettres de la révérende mère Marie de l&apos;Incarnation (née Marie Guyard)</subfield>
    <subfield code="h">[microforme] :</subfield>
    <subfield code="b">première supérieure du monastère des Ursulines de Québec.</subfield>
  </datafield>
  <datafield tag="250" ind1=" " ind2=" ">
    <subfield code="a">Nouv. éd. /</subfield>
    <subfield code="b">augm. de huit lettres inédites et annotée par l&apos;abbé Richaudeau.</subfield>
  </datafield>
  <datafield tag="260" ind1=" " ind2=" ">
    <subfield code="a">Paris :</subfield>
    <subfield code="b">Librairie internationale catholique;</subfield>
    <subfield code="a">Tournai [Belgique] :</subfield>
    <subfield code="b">Vve. H. Casterman,</subfield>
    <subfield code="c">1876.</subfield>
  </datafield>
  <datafield tag="300" ind1=" " ind2=" ">
    <subfield code="a">7 microfiches (303 images).</subfield>
  </datafield>
  <datafield tag="490" ind1="1" ind2=" ">
    <subfield code="a">CIHM/ICMH Microfiche series = CIHM/ICMH collection de microfiches ;</subfield>
    <subfield code="v">no. 09968</subfield>
  </datafield>
  <datafield tag="500" ind1=" " ind2=" ">
    <subfield code="a">&quot;Tome premier.&quot;</subfield>
  </datafield>
  <datafield tag="500" ind1=" " ind2=" ">
    <subfield code="a">La microfiche fait partie d&apos;une collection de l&apos;I.C.M.H. Pour obtenir les microfiches particulières de cette collection, voir les numéros de microfiches de l&apos;I.C.M.H. 09967-09969.</subfield>
  </datafield>
  <datafield tag="533" ind1=" " ind2=" ">
    <subfield code="a">Microfiche de l&apos;exemplaire de l&apos;édition originale se trouvant à la Bibliothèque des Archives publiques du Canada.</subfield>
    <subfield code="b">Ottawa :</subfield>
    <subfield code="c">Institut canadien de microreproductions historiques,</subfield>
    <subfield code="d">1981.</subfield>
  </datafield>
  <datafield tag="534" ind1=" " ind2=" ">
    <subfield code="e">xix, 557 p. ; 24 cm.</subfield>
  </datafield>
  <datafield tag="600" ind1="0" ind2="6">
    <subfield code="a">Marie de l&apos;Incarnation,</subfield>
    <subfield code="c">mère,</subfield>
    <subfield code="d">1599-1672.</subfield>
  </datafield>
  <datafield tag="600" ind1="0" ind2="0">
    <subfield code="a">Marie de l&apos;Incarnation,</subfield>
    <subfield code="c">Mother,</subfield>
    <subfield code="d">1599-1672.</subfield>
  </datafield>
  <datafield tag="610" ind1="2" ind2="6">
    <subfield code="a">Ursulines de Québec.</subfield>
  </datafield>
  <datafield tag="610" ind1="2" ind2="0">
    <subfield code="a">Ursulines de Québec.</subfield>
  </datafield>
  <datafield tag="651" ind1=" " ind2="6">
    <subfield code="a">Canada</subfield>
    <subfield code="x">Histoire</subfield>
    <subfield code="y">Jusqu&apos;à 1663 (Nouvelle-France)</subfield>
    <subfield code="x">Sources.</subfield>
  </datafield>
  <datafield tag="651" ind1=" " ind2="0">
    <subfield code="a">Canada</subfield>
    <subfield code="x">History</subfield>
    <subfield code="y">To 1663 (New France)</subfield>
    <subfield code="x">Sources.</subfield>
  </datafield>
  <datafield tag="700" ind1="1" ind2=" ">
    <subfield code="a">Richaudeau, Pierre François,</subfield>
    <subfield code="d">né 1806.</subfield>
  </datafield>
  <datafield tag="830" ind1=" " ind2="0">
    <subfield code="a">CIHM/ICMH microfiche series ;</subfield>
    <subfield code="v">no. 09968</subfield>
  </datafield>
  <datafield tag="949" ind1=" " ind2=" ">
    <subfield code="h">UAHS-MF</subfield>
    <subfield code="z">CIHMMPRE</subfield>
  </datafield>
  <datafield tag="596" ind1=" " ind2=" ">
    <subfield code="a">43</subfield>
  </datafield>
  <datafield tag="926" ind1=" " ind2=" ">
    <subfield code="a">UAHSS</subfield>
    <subfield code="b">MICROFICHE</subfield>
    <subfield code="c">FC 02 0203 no. 09968</subfield>
    <subfield code="d">MICROFORM</subfield>
    <subfield code="f">1</subfield>
  </datafield>
</record>
